%YAML 1.1
%TAG !u! tag:unity3d.com,2011:
--- !u!1001 &100100000
Prefab:
  m_ObjectHideFlags: 1
  serializedVersion: 2
  m_Modification:
    m_TransformParent: {fileID: 0}
    m_Modifications: []
    m_RemovedComponents: []
  m_SourcePrefab: {fileID: 0}
  m_RootGameObject: {fileID: 1400434156414612}
  m_IsPrefabAsset: 1
--- !u!1 &1400434156414612
GameObject:
  m_ObjectHideFlags: 0
  m_CorrespondingSourceObject: {fileID: 0}
  m_PrefabInternal: {fileID: 100100000}
  serializedVersion: 6
  m_Component:
  - component: {fileID: 4641510588583278}
  - component: {fileID: 212855969236873210}
  - component: {fileID: 95428675574188506}
  - component: {fileID: 61065839142468378}
  - component: {fileID: 61018118305319152}
  - component: {fileID: 114738536362696696}
  - component: {fileID: 114196407497530244}
  m_Layer: 8
  m_Name: Wizard
  m_TagString: Untagged
  m_Icon: {fileID: 0}
  m_NavMeshLayer: 0
  m_StaticEditorFlags: 0
  m_IsActive: 1
--- !u!4 &4641510588583278
Transform:
  m_ObjectHideFlags: 1
  m_CorrespondingSourceObject: {fileID: 0}
  m_PrefabInternal: {fileID: 100100000}
  m_GameObject: {fileID: 1400434156414612}
  m_LocalRotation: {x: -0, y: -0, z: -0, w: 1}
  m_LocalPosition: {x: 0.329, y: -0.08, z: 0}
  m_LocalScale: {x: 0.8482774, y: 0.8482774, z: 0.8482774}
  m_Children: []
  m_Father: {fileID: 0}
  m_RootOrder: 0
  m_LocalEulerAnglesHint: {x: 0, y: 0, z: 0}
--- !u!61 &61018118305319152
BoxCollider2D:
  m_ObjectHideFlags: 1
  m_CorrespondingSourceObject: {fileID: 0}
  m_PrefabInternal: {fileID: 100100000}
  m_GameObject: {fileID: 1400434156414612}
  m_Enabled: 1
  m_Density: 1
  m_Material: {fileID: 0}
  m_IsTrigger: 0
  m_UsedByEffector: 0
  m_UsedByComposite: 0
  m_Offset: {x: 0, y: 0}
  m_SpriteTilingProperty:
    border: {x: 0, y: 0, z: 0, w: 0}
    pivot: {x: 0.5, y: 0.5}
    oldSize: {x: 0.32, y: 0.32}
    newSize: {x: 1, y: 1}
    adaptiveTilingThreshold: 0.5
    drawMode: 0
    adaptiveTiling: 0
  m_AutoTiling: 0
  serializedVersion: 2
  m_Size: {x: 0.32, y: 0.32}
  m_EdgeRadius: 0
--- !u!61 &61065839142468378
BoxCollider2D:
  m_ObjectHideFlags: 1
  m_CorrespondingSourceObject: {fileID: 0}
  m_PrefabInternal: {fileID: 100100000}
  m_GameObject: {fileID: 1400434156414612}
  m_Enabled: 1
  m_Density: 1
  m_Material: {fileID: 0}
  m_IsTrigger: 0
  m_UsedByEffector: 0
  m_UsedByComposite: 0
  m_Offset: {x: -0.0004158616, y: -0.14476201}
  m_SpriteTilingProperty:
    border: {x: 0, y: 0, z: 0, w: 0}
    pivot: {x: 0.5, y: 0.5}
    oldSize: {x: 0.32, y: 0.32}
    newSize: {x: 1, y: 1}
    adaptiveTilingThreshold: 0.5
    drawMode: 0
    adaptiveTiling: 0
  m_AutoTiling: 0
  serializedVersion: 2
  m_Size: {x: 0.14337996, y: 0.012342572}
  m_EdgeRadius: 0
--- !u!95 &95428675574188506
Animator:
  serializedVersion: 3
  m_ObjectHideFlags: 1
  m_CorrespondingSourceObject: {fileID: 0}
  m_PrefabInternal: {fileID: 100100000}
  m_GameObject: {fileID: 1400434156414612}
  m_Enabled: 1
  m_Avatar: {fileID: 0}
  m_Controller: {fileID: 9100000, guid: 61a444165e8566b478495c3e365c3868, type: 2}
  m_CullingMode: 0
  m_UpdateMode: 0
  m_ApplyRootMotion: 0
  m_LinearVelocityBlending: 0
  m_WarningMessage: 
  m_HasTransformHierarchy: 1
  m_AllowConstantClipSamplingOptimization: 1
  m_KeepAnimatorControllerStateOnDisable: 0
--- !u!114 &114196407497530244
MonoBehaviour:
  m_ObjectHideFlags: 1
  m_CorrespondingSourceObject: {fileID: 0}
  m_PrefabInternal: {fileID: 100100000}
  m_GameObject: {fileID: 1400434156414612}
  m_Enabled: 1
  m_EditorHideFlags: 0
  m_Script: {fileID: 11500000, guid: 4ef054ebfbe765d4eb401ee6d54fe345, type: 3}
  m_Name: 
  m_EditorClassIdentifier: 
  groundCol: {fileID: 61065839142468378}
  rend: {fileID: 212855969236873210}
  yGround: 0
--- !u!114 &114738536362696696
MonoBehaviour:
  m_ObjectHideFlags: 1
  m_CorrespondingSourceObject: {fileID: 0}
  m_PrefabInternal: {fileID: 100100000}
  m_GameObject: {fileID: 1400434156414612}
  m_Enabled: 1
  m_EditorHideFlags: 0
  m_Script: {fileID: 11500000, guid: 968f3488e84534b45bff8d80bcf8e28d, type: 3}
  m_Name: 
  m_EditorClassIdentifier: 
  interactableCol: {fileID: 61018118305319152}
  interactText: 
  avatar: {fileID: 21300000, guid: 2739fa56114a47f4a983e1df19e58ca4, type: 3}
  dialogCollection:
    dialogGroups:
    - type: 0
      dialogs:
      - text: Greetings old wizard.
        isPlayerDialog: 1
        isInstant: 0
        positiveAction: 0
        negativeAction: 5
        positiveText: 
        negativeText: 
      - text: Greetings traveler.
        isPlayerDialog: 0
        isInstant: 0
        positiveAction: 0
        negativeAction: 0
        positiveText: 
        negativeText: 
      - text: Looking for a quest or some magical assets?
        isPlayerDialog: 0
        isInstant: 0
        positiveAction: 4
        negativeAction: 1
        positiveText: 
        negativeText: 
    - type: 1
      dialogs:
      - text: Give me a quest!
        isPlayerDialog: 1
        isInstant: 0
        positiveAction: 0
        negativeAction: 0
        positiveText: 
        negativeText: 
      - text: Can you gather some rat tails for my powerful elixir?
        isPlayerDialog: 0
        isInstant: 0
        positiveAction: 1
        negativeAction: 2
        positiveText: 
        negativeText: 
    - type: 2
      dialogs:
      - text: Quick! Give them here!
        isPlayerDialog: 0
        isInstant: 0
        positiveAction: 0
        negativeAction: 4
        positiveText: 
        negativeText: 
      - text: '* You hand over the disgusting rat tails *'
        isPlayerDialog: 1
        isInstant: 0
        positiveAction: 0
        negativeAction: 0
        positiveText: 
        negativeText: 
      - text: '* The wizard drops the tails one by one in the cauldron *'
        isPlayerDialog: 0
        isInstant: 0
        positiveAction: 0
        negativeAction: 0
        positiveText: 
        negativeText: 
      - text: Yes! Yeeeeeeees, it's a perfect batch!
        isPlayerDialog: 0
        isInstant: 0
        positiveAction: 0
        negativeAction: 0
        positiveText: 
        negativeText: 
      - text: Here take some gold and a sample of the elixir as your reward
        isPlayerDialog: 0
        isInstant: 0
        positiveAction: 2
        negativeAction: 2
        positiveText: 
        negativeText: 
    - type: 3
      dialogs:
      - text: Get me those rat tails, I don't have all day.
        isPlayerDialog: 0
        isInstant: 0
        positiveAction: 6
        negativeAction: 5
        positiveText: 
        negativeText: 
    - type: 4
      dialogs:
      - text: Ah, You're back! Are you here to trade or have you gathered those tails?
        isPlayerDialog: 0
        isInstant: 0
        positiveAction: 3
        negativeAction: 1
        positiveText: 
        negativeText: 
    shop: {fileID: 114673286955461110, guid: 15f0ca22e34d2430d9b777aee4dd2fd5, type: 2}
    quest: {fileID: 114000010624653910, guid: fdfcf226768ea4b11adcf770118b830f, type: 2}
--- !u!212 &212855969236873210
SpriteRenderer:
  m_ObjectHideFlags: 1
  m_CorrespondingSourceObject: {fileID: 0}
  m_PrefabInternal: {fileID: 100100000}
  m_GameObject: {fileID: 1400434156414612}
  m_Enabled: 1
  m_CastShadows: 0
  m_ReceiveShadows: 0
  m_DynamicOccludee: 1
  m_MotionVectors: 1
  m_LightProbeUsage: 0
  m_ReflectionProbeUsage: 0
  m_RenderingLayerMask: 4294967295
  m_Materials:
  - {fileID: 2100000, guid: 1c647f4dda9317f4da9e0c8df44bf908, type: 2}
  m_StaticBatchInfo:
    firstSubMesh: 0
    subMeshCount: 0
  m_StaticBatchRoot: {fileID: 0}
  m_ProbeAnchor: {fileID: 0}
  m_LightProbeVolumeOverride: {fileID: 0}
  m_ScaleInLightmap: 1
  m_PreserveUVs: 0
  m_IgnoreNormalsForChartDetection: 0
  m_ImportantGI: 0
  m_StitchLightmapSeams: 0
  m_SelectedEditorRenderState: 0
  m_MinimumChartSize: 4
  m_AutoUVMaxDistance: 0.5
  m_AutoUVMaxAngle: 89
  m_LightmapParameters: {fileID: 0}
  m_SortingLayerID: 0
  m_SortingLayer: 0
  m_SortingOrder: 0
  m_Sprite: {fileID: 21300002, guid: 4571b6003c00e414f8194914fea9c543, type: 3}
  m_Color: {r: 1, g: 1, b: 1, a: 1}
  m_FlipX: 0
  m_FlipY: 0
  m_DrawMode: 0
  m_Size: {x: 1, y: 1}
  m_AdaptiveModeThreshold: 0.5
  m_SpriteTileMode: 0
  m_WasSpriteAssigned: 1
  m_MaskInteraction: 0
  m_SpriteSortPoint: 0
